@misc{HeatDiff,
	title = {The 1D diffusion equation},
	howpublished = {\url{http://hplgit.github.io/num-methods-for-PDEs/doc/pub/diffu/sphinx/._main_diffu001.html}},
	note = {Accessed: 2014-05-15}	
}

@misc{ArrayMPI,
	title = {MPI Example - Array Assignment - C Version},
	howpublished = {\url{https://computing.llnl.gov/tutorials/mpi/samples/C/mpi_array.c}},
	note = {Accessed: 2014-05-18}	
}

@misc{ReadTxt,
	title = {How to read a text file by c program},
	howpublished = {\url{http://www.cquestions.com/2010/06/how-to-read-text-file-by-c-program.html}},
	note = {Accessed: 2014-05-18}	
}

@misc{StringToDouble,
	title = {Convert string to double},
	howpublished = {\url{http://www.cplusplus.com/reference/cstdlib/atof/}},
	note = {Accessed: 2014-05-18}	
}